@ARTICLE{Dan,
    author = Rajeshwar Dass, Priyanka, Swapna Devi},
    year = 1960,
    title = {Image Segmentation Techniques},
}
@BOOK{Baz,
    author = {Bazaraa, M.S. and J.J. Jarvis and H.D. Sherali},
    year = 2004,
    title = {Programaci\’on lineal y flujo en redes},
    edition = 2,
    publisher = {Limusa},
    adress = {M\’exico, DF}
}